@inproceedings{chen2023generating,
	title = {Beyond Generating Code: Evaluating GPT on a Data Visualization Course},
	booktitle = {2023 IEEE VIS Workshop on Visualization Education, Literacy, and Activities (EduVis)},
	author = {Chen, Zhutian and Zhang, Chenyang and Wang, Qianwen and Troidl, Jakob and Warchol, Simon and Beyer, Johanna and Gehlenborg, Nils and Pfister, Hanspeter},
	year = {2023},
	pages = {16--21},
	doi = {10.1109/EduVis60792.2023.00009}
}

@inproceedings{luo2018deepeye,
	title = {DeepEye: Towards Automatic Data Visualization},
	booktitle = {2018 IEEE 34th International Conference on Data Engineering (ICDE)},
	author = {Luo, Yuyu and Qin, Xuedi and Tang, Nan and Li, Guoliang},
	year = {2018},
	pages = {101--112},
	doi = {10.1109/ICDE.2018.00019}
}

@misc{luo2021nvbench,
	title = {nvBench: A Large-Scale Synthesized Dataset for Cross-Domain Natural Language to Visualization Task},
	author = {Luo, Yuyu and Tang, Jiawei and Li, Guoliang},
	year = {2021},
	number = {arXiv:2112.12926},
	eprint = {2112.12926},
	primaryclass = {cs},
	publisher = {arXiv},
	archiveprefix = {arXiv}
}

@article{luo2022natural,
	title = {Natural Language to Visualization by Neural Machine Translation},
	author = {Luo, Yuyu and Tang, Nan and Li, Guoliang and Tang, Jiawei and Chai, Chengliang and Qin, Xuedi},
	year = {2022},
	journal = {IEEE Transactions on Visualization and Computer Graphics},
	volume = {28},
	number = {1},
	pages = {217--226},
	doi = {10.1109/TVCG.2021.3114848}
}

@article{maddigan2023chat2vis,
	title = {Chat2VIS: Generating Data Visualizations via Natural Language Using ChatGPT, Codex and GPT-3 Large Language Models},
	author = {Maddigan, Paula and Susnjak, Teo},
	year = {2023},
	journal = {IEEE Access},
	volume = {11},
	pages = {45181--45193},
	doi = {10.1109/ACCESS.2023.3274199}
}

@inproceedings{manning2014stanford,
	title = {The Stanford CoreNLP Natural Language Processing Toolkit},
	booktitle = {Proceedings of 52nd Annual Meeting of the Association for Computational Linguistics: System Demonstrations},
	author = {Manning, Christopher and Surdeanu, Mihai and Bauer, John and Finkel, Jenny and Bethard, Steven and McClosky, David},
	editor = {Bontcheva, Kalina and Zhu, Jingbo},
	year = {2014},
	pages = {55--60},
	publisher = {Association for Computational Linguistics},
	address = {Baltimore, Maryland},
	doi = {10.3115/v1/P14-5010}
}

@article{narechania2021nl4dv,
	title = {NL4DV: A Toolkit for Generating Analytic Specifications for Data Visualization from Natural Language Queries},
	author = {Narechania, Arpit and Srinivasan, Arjun and Stasko, John},
	year = {2021},
	journal = {IEEE Transactions on Visualization and Computer Graphics},
	volume = {27},
	number = {2},
	pages = {369--379},
	doi = {10.1109/TVCG.2020.3030378}
}

@article{ray2023chatgpt,
	title = {ChatGPT: A Comprehensive Review on Background, Applications, Key Challenges, Bias, Ethics, Limitations and Future Scope},
	author = {Ray, Partha Pratim},
	year = {2023},
	journal = {Internet of Things and Cyber-Physical Systems},
	volume = {3},
	pages = {121--154},
	doi = {10.1016/j.iotcps.2023.04.003}
}

@inproceedings{vazquez2024are,
	title = {Are LLMs Ready for Visualization?},
	booktitle = {2024 IEEE 17th Pacific Visualization Conference (PacificVis)},
	author = {V{\'a}zquez, Pere-Pau},
	year = {2024},
	pages = {343--352},
	doi = {10.1109/PacificVis60374.2024.00049}
}

@article{yenduri2024gpt,
	title = {GPT (Generative Pre-Trained Transformer)--- A Comprehensive Review on Enabling Technologies, Potential Applications, Emerging Challenges, and Future Directions},
	author = {Yenduri, Gokul and Ramalingam, M. and Selvi, G. Chemmalar and Supriya, Y. and Srivastava, Gautam and Maddikunta, Praveen Kumar Reddy and Raj, G. Deepti and Jhaveri, Rutvij H. and Prabadevi, B. and Wang, Weizheng and Vasilakos, Athanasios V. and Gadekallu, Thippa Reddy},
	year = {2024},
	journal = {IEEE Access},
	volume = {12},
	pages = {54608--54649},
	doi = {10.1109/ACCESS.2024.3389497}
}

@misc{yolopandasdevelopersyolopandas,
	title = {Yolopandas: Interact with Pandas Objects via LLMs and Langchain},
	author = {YoloPandas Developers},
	url={https://pypi.org/project/yolopandas}
}
